<record><leader>00000cas a22000007a 4500</leader><controlfield tag="001">15602542</controlfield><controlfield tag="008">870428d18811889iauwr ne      0    0eng d</controlfield><datafield ind1=" " ind2=" " tag="010"><subfield code="a">sn 87057404 </subfield></datafield><datafield ind1=" " ind2=" " tag="040"><subfield code="a">INP</subfield><subfield code="b">eng</subfield><subfield code="c">INP</subfield><subfield code="d">OCLCQ</subfield></datafield><datafield ind1=" " ind2=" " tag="042"><subfield code="a">msc</subfield></datafield><datafield ind1="0" ind2=" " tag="130"><subfield code="a">Clarinda journal (Clarinda, Iowa : 1881)</subfield></datafield><datafield ind1="1" ind2="4" tag="245"><subfield code="a">The Clarinda journal.</subfield></datafield><datafield ind1=" " ind2=" " tag="260"><subfield code="a">Clarinda, Page County, Iowa :</subfield><subfield code="b">G.W. Johnson</subfield></datafield><datafield ind1=" " ind2=" " tag="300"><subfield code="a">v.</subfield></datafield><datafield ind1=" " ind2=" " tag="310"><subfield code="a">Weekly</subfield></datafield><datafield ind1="1" ind2=" " tag="362"><subfield code="a">Issued 1881-1889.</subfield></datafield><datafield ind1=" " ind2=" " tag="500"><subfield code="a">Publisher varies.</subfield></datafield><datafield ind1=" " ind2=" " tag="588"><subfield code="a">Description based on: Vol. 4, no. 21 (July 26, 1884).</subfield></datafield><datafield ind1=" " ind2=" " tag="752"><subfield code="a">United States</subfield><subfield code="b">Iowa</subfield><subfield code="c">Page</subfield><subfield code="d">Clarinda.</subfield></datafield></record>